@article{scholes2011lessons,
  title={Lessons from nature about solar light harvesting},
  author={Scholes, Gregory D and Fleming, Graham R and Olaya-Castro, Alexandra and Van Grondelle, Rienk},
  journal={Nature chemistry},
  volume={3},
  number={10},
  pages={763},
  year={2011},
  publisher={Nature Publishing Group},
  note={\doi{10.1038/nchem.1145}}
}

@book{wannier1987statistical,
 author    = "Milton {Abramowitz} and Irene A. {Stegun}",
 title     = "Handbook of Mathematical Functions with
              Formulas, Graphs, and Mathematical Tables",
 publisher = "Dover",
 year      =  1964,
 address   = "New York City",
 edition   = "ninth Dover printing, tenth GPO printing"
}

@article{allen2019fast,
issn = {0003-6951},
abstract = {},
journal = {Journal of Ultrafast Physics},
pages = {43--45},
volume = {42},
publisher = {Star City Publications},
number = {1},
year = {2019},
title = {Attosecond-length perception of events toward truly sustainable energy},
language = {eng},
author = {Barry Allen and Wally West},
keywords = {},
note = {}
}


@phdthesis{ssdsdsd_solid_2012,
	title = {Solid {Waste} {Management} and {Flooding} in {Nabua}},
	author = {ssdsdsd, dssdsd},
	year = {2012},
}

@article{onate_exploring_2021,
	title = {Exploring {RAU}-net for semantic segmentation of {Philippines} satellite images in identification of building density},
	issn = {0143-1161, 1366-5901},
	url = {https://www.tandfonline.com/doi/full/10.1080/01431161.2021.1986239},
	doi = {10.1080/01431161.2021.1986239},
	language = {en},
	urldate = {2022-02-16},
	journal = {International Journal of Remote Sensing},
	author = {OÃ±ate, Joseph Jessie S. and Ang-Tolentino, Marianne},
	month = nov,
	year = {2021},
	pages = {1--19},
}

@online{noauthor_biblatex_nodate,
	title = {biblatex - {How} to use biber},
	url = {https://tex.stackexchange.com/questions/26516/how-to-use-biber},
	urldate = {2022-02-16},
	journal = {TeX - LaTeX Stack Exchange},
}

@unpublished{CitekeyUnpublished,
  author = "Mohinder Suresh",
  title  = "Evolution: a revised theory",
  year   = 2006
}


@misc{noauthor_techopedia_nodate,
	title = {Techopedia: {Educating} {IT} {Professionals} {To} {Make} {Smarter} {Decisions}},
	url = {https://www.techopedia.com/},
	abstract = {Your go-to source for professional IT insight, from defining complex tech jargon to exploring the latest tech trends.},
	urldate = {2023-01-24},
}
